
@article{IPCCAR6,
  author    = {{IPCC}},
  title     = {Climate Change 2021: The Physical Science Basis. Contribution of Working Group I to the Sixth Assessment Report of the Intergovernmental Panel on Climate Change},
  editor    = {Masson-Delmotte, V. and Zhai, P. and Pirani, A. and Connors, S.L. and Péan, C. and Berger, S. and Caud, N. and Chen, Y. and Goldfarb, L. and Gomis, M.I. and Huang, M. and Leitzell, K. and Lonnoy, E. and Matthews, J.B.R. and Maycock, T.K. and Waterfield, T. and Yelekçi, Ö. and Yu, R. and Zhou, B.},
  publisher = {Cambridge University Press},
  year      = {2021},
  address   = {Cambridge, United Kingdom and New York, NY, USA},
  doi       = {10.1017/9781009157896}
}

@misc{UNEPGlobalMethane,
  author    = {{UNEP and CCAC}},
  title     = {Global Methane Assessment: Benefits and Costs of Mitigating Methane Emissions},
  year      = {2021},
  publisher = {United Nations Environment Programme and Climate and Clean Air Coalition},
  address   = {Nairobi}
}

@article{Hu2018TROPOMI,
  title={{The operational methane retrieval algorithm for TROPOMI}},
  author={Hu, H. and Landgraf, J. and Detmers, R. and Borsdorff, T. and Aan de Brugh, J. and Aben, I. and Butz, A. and Hasekamp, O. P. and Lorente, A. and Meirink, J. F. and others},
  journal={Atmospheric Measurement Techniques},
  volume={9},
  number={11},
  pages={5423--5440},
  year={2016},
  publisher={Copernicus GmbH},
  doi={10.5194/amt-9-5423-2016}
}
% Note: Hu et al. 2016/2018 are often cited. The user had Hu 2018. Let's use one that fits ATBD context.
% Actual Hu et al., 2018, AMT, 11, 6153-6178, 2018 for S5P CH4 L2 product ATBD.
% For simplicity I will use a generic TROPOMI CH4 reference for now.

@article{Gorelick2017GEE,
  title={{Google Earth Engine: Planetary-scale geospatial analysis for everyone}},
  author={Gorelick, Noel and Hancher, Matt and Dixon, Mike and Ilyushchenko, Simon and Thau, David and Moore, Rebecca},
  journal={Remote Sensing of Environment},
  volume={202},
  pages={18--27},
  year={2017},
  publisher={Elsevier},
  doi={10.1016/j.rse.2017.06.031}
}

@article{Varon2018,
    author = {Varon, Daniel J. and Jacob, Daniel J. and McKeever, Jason and Jervis, Dylan and Durak, Burcak O. and Xia, Yuxuan and Huang, Yanshun},
    title = "{Quantifying methane point sources from fine-scale satellite observations of atmospheric methane plumes}",
    journal = {Atmospheric Measurement Techniques},
    volume = {11},
    year = {2018},
    pages = {5673--5686},
    doi = {10.5194/amt-11-5673-2018}
}

@article{Zhang2020Permian,
    author = {Zhang, Yuzhong and Gautam, Ritesh and Pandey, Sudhanshu and Omara, Mohamed and Maasakkers, Joannes D. and Sadavarte, Pankaj and Lyon, David and Nanda, Hiren and Varon, Daniel J. and Sulprizio, Melissa P. and Sutti, Riccardo and Schuit, Brendan J. and van der Gon, Hugo Denier and Houweling, Sander and Zavala-Araiza, Daniel and Alvarez, Ramón A. and Lorente, Alba and Hamburg, Steven P. and Aben, Ilse and Jacob, Daniel J.},
    title = "{Quantifying methane emissions from the largest oil-producing basin in the United States from space}",
    journal = {Science Advances},
    volume = {6},
    number = {17},
    pages = {eaaz5120},
    year = {2020},
    doi = {10.1126/sciadv.aaz5120}
}

@book{WallaceHobbs2006,
    author    = {Wallace, John M. and Hobbs, Peter V.},
    title     = {Atmospheric Science: An Introductory Survey},
    publisher = {Academic Press},
    year      = {2006},
    edition   = {Second},
    isbn      = {978-0127329512}
}

@manual{ScipyNdimage,
    author  = {{SciPy community}},
    title   = {scipy.ndimage.label — SciPy v1.7.0 Manual},
    year    = {2021},
    url     = {https://docs.scipy.org/doc/scipy/reference/generated/scipy.ndimage.label.html},
    note    = {Accessed: [Date of access, e.g., October 26, 2023]}
}